<record><leader>01855cam a22004578i 4500</leader><controlfield tag="001">6849324</controlfield><controlfield tag="003">The World Bank</controlfield><controlfield tag="005">20141006145606.0</controlfield><controlfield tag="006">m     o  d        </controlfield><controlfield tag="007">cr cn|||||||||</controlfield><controlfield tag="008">141006s2015    dcu     ob   i001 0 eng  </controlfield><datafield ind1=" " ind2=" " tag="010"><subfield code="a">2014030907</subfield></datafield><datafield ind1=" " ind2=" " tag="020"><subfield code="a">9781464803239 (alk. paper)</subfield></datafield><datafield ind1=" " ind2=" " tag="020"><subfield code="z">9781464803246 (e-ISBN)</subfield></datafield><datafield ind1=" " ind2=" " tag="035"><subfield code="a">(The World Bank)18325832</subfield></datafield><datafield ind1=" " ind2=" " tag="040"><subfield code="a">DLC</subfield><subfield code="b">eng</subfield><subfield code="e">rda</subfield><subfield code="c">DLC</subfield><subfield code="d">AEU</subfield></datafield><datafield ind1=" " ind2=" " tag="043"><subfield code="a">aw------</subfield><subfield code="a">ff------</subfield></datafield><datafield ind1="0" ind2="0" tag="050"><subfield code="a">LB1139.3.M628</subfield><subfield code="b">E5 2015</subfield></datafield><datafield ind1="0" ind2="0" tag="082"><subfield code="a">372.21</subfield><subfield code="2">23</subfield></datafield><datafield ind1=" " ind2=" " tag="090"><subfield code="a">Internet Access</subfield><subfield code="b">AEU</subfield></datafield><datafield ind1="1" ind2=" " tag="100"><subfield code="a">El-Kogali, Safaa,</subfield><subfield code="e">author.</subfield></datafield><datafield ind1="1" ind2="0" tag="245"><subfield code="a">Expanding opportunities for the next generation :</subfield><subfield code="b">early childhood development in the Middle East and North Africa /</subfield><subfield code="c">Safaa El-Kogali and Carolyn Krafft.</subfield></datafield><datafield ind1=" " ind2="1" tag="264"><subfield code="a">Washington, DC :</subfield><subfield code="b">The World Bank Group,</subfield><subfield code="c">2015.</subfield></datafield><datafield ind1=" " ind2=" " tag="300"><subfield code="a">1 online resource.</subfield></datafield><datafield ind1=" " ind2=" " tag="336"><subfield code="a">text</subfield><subfield code="b">txt</subfield><subfield code="2">rdacontent</subfield></datafield><datafield ind1=" " ind2=" " tag="337"><subfield code="a">unmediated</subfield><subfield code="b">n</subfield><subfield code="2">rdamedia</subfield></datafield><datafield ind1=" " ind2=" " tag="338"><subfield code="a">volume</subfield><subfield code="b">nc</subfield><subfield code="2">rdacarrier</subfield></datafield><datafield ind1="1" ind2=" " tag="490"><subfield code="a">Directions in development</subfield></datafield><datafield ind1=" " ind2=" " tag="504"><subfield code="a">Includes bibliographical references and index.</subfield></datafield><datafield ind1=" " ind2=" " tag="506"><subfield code="a">Access restricted to authorized users and institutions.</subfield></datafield><datafield ind1=" " ind2=" " tag="588"><subfield code="a">Description based on print version record.</subfield></datafield><datafield ind1=" " ind2=" " tag="596"><subfield code="a">44</subfield></datafield><datafield ind1=" " ind2="0" tag="650"><subfield code="a">Early childhood education</subfield><subfield code="z">Africa, North</subfield><subfield code="v">Case studies.</subfield></datafield><datafield ind1=" " ind2="0" tag="650"><subfield code="a">Early childhood education</subfield><subfield code="z">Africa, North.</subfield></datafield><datafield ind1=" " ind2="0" tag="650"><subfield code="a">Early childhood education</subfield><subfield code="z">Middle East</subfield><subfield code="v">Case studies.</subfield></datafield><datafield ind1=" " ind2="0" tag="650"><subfield code="a">Early childhood education</subfield><subfield code="z">Middle East.</subfield></datafield><datafield ind1="1" ind2=" " tag="700"><subfield code="a">Krafft, Carolyn,</subfield><subfield code="e">author.</subfield></datafield><datafield ind1=" " ind2="0" tag="830"><subfield code="a">Directions in development</subfield></datafield><datafield ind1="4" ind2="0" tag="856"><subfield code="3">University of Alberta Access</subfield><subfield code="u">http://elibrary.worldbank.org/doi/book/10.1596/978-1-4648-0323-9</subfield><subfield code="z">(Unlimited Concurrent Users)</subfield></datafield><datafield ind1=" " ind2=" " tag="949"><subfield code="h">UAIN</subfield><subfield code="z">WLDBANK</subfield></datafield><datafield ind1=" " ind2=" " tag="926"><subfield code="a">Internet Access</subfield><subfield code="w">LC</subfield><subfield code="c">1</subfield><subfield code="i">6849324-1001</subfield><subfield code="l">INTERNET</subfield><subfield code="m">UAINTERNET</subfield><subfield code="r">Y</subfield><subfield code="s">Y</subfield><subfield code="t">E-RESOURCE</subfield><subfield code="u">3/5/2015</subfield><subfield code="x">E-BOOK</subfield><subfield code="z">WLDBANK</subfield></datafield></record>